[gd_scene load_steps=9 format=2]

[ext_resource path="res://cursor.gd" type="Script" id=1]
[ext_resource path="res://space_division.gd" type="Script" id=2]
[ext_resource path="res://cursor_timer.gd" type="Script" id=3]
[ext_resource path="res://restart.gd" type="Script" id=4]
[ext_resource path="res://EventBus.gd" type="Script" id=5]
[ext_resource path="res://snake_spawner.gd" type="Script" id=6]
[ext_resource path="res://ShakeCamera2D.gd" type="Script" id=7]

[sub_resource type="Curve" id=1]
_data = [ Vector2( 0, 0 ), 0.0, 0.0, 0, 0, Vector2( 0.994898, 1 ), 2.85887, 0.0, 0, 0 ]

[node name="Node2D" type="Node2D"]

[node name="Camera2D" type="Camera2D" parent="."]
position = Vector2( 652, 336 )
current = true
script = ExtResource( 7 )

[node name="ColorRect" type="ColorRect" parent="."]
margin_left = -36.0
margin_top = -34.0
margin_right = 1349.0
margin_bottom = 774.0
__meta__ = {
"_edit_use_anchors_": false
}

[node name="DividedSpace" type="Node2D" parent="."]
script = ExtResource( 2 )

[node name="Cursor" type="Node2D" parent="."]
script = ExtResource( 1 )

[node name="cursor_timer" type="Node2D" parent="Cursor"]
script = ExtResource( 3 )
arc_start = -90
arc_direction = -1
arc_point_count = 50
arc_color = Color( 0.898039, 0.576471, 0.384314, 1 )
arc_thickness = 5
cooldown = 0.1
timer_curve = SubResource( 1 )

[node name="R to Restart" type="Node" parent="."]
script = ExtResource( 4 )

[node name="SnakeSpawner" type="Node2D" parent="."]
script = ExtResource( 6 )
divided_space_path = NodePath("../DividedSpace")

[node name="Node" type="Node" parent="."]
script = ExtResource( 5 )
[connection signal="cursor_input" from="Cursor" to="DividedSpace" method="_on_Cursor_cursor_input"]
[connection signal="timer_over" from="Cursor/cursor_timer" to="Cursor" method="_on_cursor_timer_timer_over"]
